<?xml version="1.0" encoding="UTF-8"?><collection xmlns="http://www.loc.gov/MARC21/slim"><record><leader>00341nam--2200133-i-4500</leader><controlfield tag="001">000028534</controlfield><controlfield tag="002">20161230</controlfield><controlfield tag="005">20161230201037</controlfield><controlfield tag="008">060222s1000------------r-----000-0-eng-d</controlfield><datafield ind1=" " ind2=" " tag="080"><subfield code="a">510</subfield></datafield><datafield ind1=" " ind2=" " tag="100"><subfield code="a">Langford, Cooper Harold And Lewis, C.I</subfield></datafield><datafield ind1=" " ind2=" " tag="245"><subfield code="a">Symbolic logic</subfield></datafield><datafield ind1=" " ind2=" " tag="260"><subfield code="a">London, Constable &amp; Col.Ltd., 1959, 514p. + 16p</subfield></datafield><datafield ind1=" " ind2=" " tag="852"><subfield code="a">13251</subfield></datafield></record></collection>